@article{江坤2014地铁,
  title={地铁 FAS 设备组成及系统结构},
  author={江坤 and 李桂超},
  journal={华东科技: 学术版},
  number={12},
  pages={368--368},
  year={2014}
}
@article{罗红萍2005地铁火灾自动报警系统,
  title={地铁火灾自动报警系统 (FAS) 的管理与维护},
  author={罗红萍},
  journal={现代城市轨道交通},
  number={6},
  pages={40--41},
  year={2005}
}
@article{黄文昕2007广州地铁,
  title={广州地铁 3 号线的消防救灾设计},
  author={黄文昕 and 陈小林},
  journal={城市轨道交通研究},
  volume={10},
  number={1},
  pages={41--44},
  year={2007}
}
@book{liu2020chengshi,
  title={城市轨道交通综合监控系统},
  author={刘晓娟 and 林海香 and 司徒国强},
  year={2020},
  publisher={西南交通出版社},
  address={成都}
}
@book{li2011chengshi,
  title={城市轨道交通综合监控系统及集成},
  author={李国宁},
  year={2011},
  publisher={西南交通大学出版社},
  address={成都}
}
@book{zhang2004biandianzhan,
  title={变电站综合自动化原理与系统},
  author={张惠刚},
  year={2004},
  publisher={中国电力出版社},
  address={北京}
}
@book{yan2021chengshi,
  title={城市轨道交通综合监控系统},
  author={颜月霞},
  year={2021},
  publisher={人民交通出版社},
  address={北京}
}

